@article{textsimilarityapproaches,
    author = {Gomaa, Wael and Fahmy, Aly},
    year = {2013},
    month = {04},
    pages = {},
    title = {A Survey of Text Similarity Approaches},
    volume = {68},
    journal = {international journal of Computer Applications},
    doi = {10.5120/11638-7118}
}

@inproceedings{Amir2018LongestCS,
  title={Longest Common Substring Made Fully Dynamic},
  author={Amihood Amir and Panagiotis Charalampopoulos and Solon P. Pissis and Jakub Radoszewski},
  booktitle={ESA},
  year={2018}
}